@article{pratha_jae,
  title={Disease implications of animal social network structure: a synthesis across social systems},
  author={Sah, Pratha and Mann, Janet and Bansal, Shweta},
  journal={Biorxiv},
  pages={10.1101/106633},
  year={2017},
}

@article{sah2017unraveling,
  title={Unraveling the disease consequences and mechanisms of modular structure in animal social networks},
  author={Sah, Pratha and Leu, Stephan T and Cross, Paul C and Hudson, Peter J and Bansal, Shweta},
  journal={Proceedings of the National Academy of Sciences},
  pages={201613616},
  year={2017},
  publisher={National Acad Sciences}
}

@article {Brent20170515,
	author = {Brent, L. J. N. and Ruiz-Lambides, A. and Platt, M. L.},
	title = {Family network size and survival across the lifespan of female macaques},
	volume = {284},
	number = {1854},
	year = {2017},
	doi = {10.1098/rspb.2017.0515},
	publisher = {The Royal Society},
	issn = {0962-8452},
	URL = {http://rspb.royalsocietypublishing.org/content/284/1854/20170515},
	eprint = {http://rspb.royalsocietypublishing.org/content/284/1854/20170515.full.pdf},
	journal = {Proceedings of the Royal Society of London B: Biological Sciences}
}

@book{gadau2009organization,
  title={Organization of insect societies: from genome to sociocomplexity},
  author={Gadau, J{\"u}rgen and Fewell, Jennifer and Wilson, Edward O},
  year={2009},
  publisher={Harvard University Press}
}

@article{quevillon2015social,
  title={Social, spatial, and temporal organization in a complex insect society},
  author={Quevillon, Lauren E and Hanks, Ephraim M and Bansal, Shweta and Hughes, David P},
  journal={Scientific reports},
  volume={5},
  year={2015},
  publisher={Nature Publishing Group}
}

@article{volz2009epidemic,
  title={Epidemic thresholds in dynamic contact networks},
  author={Volz, Erik and Meyers, Lauren Ancel},
  journal={Journal of the Royal Society Interface},
  volume={6},
  number={32},
  pages={233--241},
  year={2009},
  publisher={The Royal Society}
}

@article {Wolf2063,
	author = {Wolf, Jochen B.W and Trillmich, Fritz},
	title = {Kin in space: social viscosity in a spatially and genetically substructured network},
	volume = {275},
	number = {1647},
	pages = {2063--2069},
	year = {2008},
	doi = {10.1098/rspb.2008.0356},
	publisher = {The Royal Society},
	issn = {0962-8452},
	URL = {http://rspb.royalsocietypublishing.org/content/275/1647/2063},
	eprint = {http://rspb.royalsocietypublishing.org/content/275/1647/2063.full.pdf},
	journal = {Proceedings of the Royal Society of London B: Biological Sciences}
}

@article{greenwald2015ant,
  title={Ant trophallactic networks: simultaneous measurement of interaction patterns and food dissemination},
  author={Greenwald, Efrat and Segre, Enrico and Feinerman, Ofer},
  journal={Scientific reports},
  volume={5},
  year={2015},
  publisher={Nature Publishing Group}
}

@article{saramaki2014persistence,
  title={Persistence of social signatures in human communication},
  author={Saram{\"a}ki, Jari and Leicht, E Al and L{\'o}pez, Eduardo and Roberts, Sam GB and Reed-Tsochas, Felix and Dunbar, Robin IM},
  journal={Proceedings of the National Academy of Sciences},
  volume={111},
  number={3},
  pages={942--947},
  year={2014},
  publisher={National Acad Sciences}
}

@article{begon2002clarification,
  title={A clarification of transmission terms in host-microparasite models: numbers, densities and areas},
  author={Begon, Michael and Bennett, Malcolm and Bowers, Roger G and French, Nigel P and Hazel, SM and Turner, Joseph},
  journal={Epidemiology and infection},
  volume={129},
  number={01},
  pages={147--153},
  year={2002},
  publisher={Cambridge Univ Press}
}

@incollection{de1995does,
  title={How does transmission of infection depend on population size?},
  author={de Jong, Mart CM and Diekmann, O. and Heesterbeek, J.A.P.},
  booktitle={Epidemic models: their structure and relation to data},
  volume={5},
  pages={84},
  year={1995},
  publisher={Cambridge University Press}
}

@book {absteg,
    author    = "Abramowitz, M. and Stegun, I.A.",
    title     = "Handbook of Mathematical Functions",
    year      = "1975",
    publisher = "Dover",
    address   = "New York"
}

@Inbook{Charbonneau2013,
author="Charbonneau, Daniel
and Blonder, Benjamin
and Dornhaus, Anna",
editor="Holme, Petter
and Saram{\"a}ki, Jari",
title="Social Insects: A Model System for Network Dynamics",
bookTitle="Temporal Networks",
year="2013",
publisher="Springer Berlin Heidelberg",
address="Berlin, Heidelberg",
pages="217--244",
isbn="978-3-642-36461-7",
doi="10.1007/978-3-642-36461-7_11",
url="http://dx.doi.org/10.1007/978-3-642-36461-7_11"
}

@article {10.7554/eLife.20375,
 author = {LeBoeuf, Adria C and Waridel, Patrice and Brent, Colin S and Gonçalves, Andre N and Menin, Laure and Ortiz, Daniel and Riba-Grognuz, Oksana and Koto, Akiko and Soares, Zamira G and Privman, Eyal and Miska, Eric A and Benton, Richard and Keller, Laurent},
 editor = {Dicke, Marcel},
 title = {Oral transfer of chemical cues, growth proteins and hormones in social insects},
 volume = {5},
 year = {2016},
 month = {nov},
 pages = {e20375},
 doi = {10.7554/eLife.20375},
 publisher = {eLife Sciences Publications, Ltd},
 issn = {2050-084X},
 journal = {eLife},
 article_type = {journal},
 pub_date = {2016-11-29},
 url = {https://dx.doi.org/10.7554/eLife.20375},
 keywords = {Camponotus floridanus, Apis mellifera, Solenopsis invicta, Camponotus fellah, social evolution, collective behavior},
 citation = {eLife 2016;5:e20375}
}

@article {Reluga20141901,
	author = {Reluga, Timothy C. and Shim, Eunha},
	title = {Population viscosity suppresses disease emergence by preserving local herd immunity},
	volume = {281},
	number = {1796},
	year = {2014},
	doi = {10.1098/rspb.2014.1901},
	publisher = {The Royal Society},
	issn = {0962-8452},
	URL = {http://rspb.royalsocietypublishing.org/content/281/1796/20141901},
	eprint = {http://rspb.royalsocietypublishing.org/content/281/1796/20141901.full.pdf},
	journal = {Proceedings of the Royal Society of London B: Biological Sciences}
}

%conference
@article{isella2011s,
  title={What's in a crowd? Analysis of face-to-face behavioral networks},
  author={Isella, Lorenzo and Stehl{\'e}, Juliette and Barrat, Alain and Cattuto, Ciro and Pinton, Jean-Fran{\c{c}}ois and Van den Broeck, Wouter},
  journal={Journal of theoretical biology},
  volume={271},
  number={1},
  pages={166--180},
  year={2011},
  publisher={Elsevier}
}

%primary school
@article{10.1371/journal.pone.0023176,
  author = {Stehlé, Juliette and Voirin, Nicolas and Barrat, Alain and Cattuto,
 Ciro and Isella, Lorenzo and Pinton, {Jean-François} and Quaggiotto, Marco
 and {Van den Broeck}, Wouter and Régis, Corinne and Lina, Bruno
 and Vanhems, Philippe},
  journal = {PLOS ONE},
  publisher = {Public Library of Science},
  title = {High-Resolution Measurements of Face-to-Face Contact Patterns
 in a Primary School},
  year = {2011},
  month = {08},
  volume = {6},
  url = {http://dx.doi.org/10.1371/journal.pone.0023176},
  pages = {e23176},
  number = {8},
  doi = {10.1371/journal.pone.0023176},
  keywords = {SocioPatterns}
}

%hospital
@article{10.1371/journal.pone.0073970,
    author = {Vanhems, , Philippe AND Barrat, , Alain AND Cattuto, , Ciro AND Pinton, , Jean-Fran?ßois AND Khanafer, , Nagham AND R?©gis, , Corinne AND Kim, , Byeul-a AND Comte, , Brigitte AND Voirin, , Nicolas},
    journal = {PLoS ONE},
    publisher = {Public Library of Science},
    title = {Estimating Potential Infection Transmission Routes in Hospital Wards Using Wearable Proximity Sensors},
    year = {2013},
    month = {09},
    volume = {8},
    url = {http://dx.doi.org/10.1371%2Fjournal.pone.0073970},
    pages = {e73970},
    number = {9},
    doi = {10.1371/journal.pone.0073970}
}   


@article{RevModPhys.87.925,
  title = {Epidemic processes in complex networks},
  author = {Pastor-Satorras, Romualdo and Castellano, Claudio and Van Mieghem, Piet and Vespignani, Alessandro},
  journal = {Rev. Mod. Phys.},
  volume = {87},
  issue = {3},
  pages = {925--979},
  numpages = {55},
  year = {2015},
  month = {Aug},
  publisher = {American Physical Society},
  doi = {10.1103/RevModPhys.87.925},
  url = {https://link.aps.org/doi/10.1103/RevModPhys.87.925}
}

@article {Bansal879,
	author = {Bansal, Shweta and Grenfell, Bryan T and Meyers, Lauren Ancel},
	title = {When individual behaviour matters: homogeneous and network models in epidemiology},
	volume = {4},
	number = {16},
	pages = {879--891},
	year = {2007},
	doi = {10.1098/rsif.2007.1100},
	publisher = {The Royal Society},
	issn = {1742-5689},
	URL = {http://rsif.royalsocietypublishing.org/content/4/16/879},
	eprint = {http://rsif.royalsocietypublishing.org/content/4/16/879.full.pdf},
	journal = {Journal of The Royal Society Interface}
}

@article{ferrari2011pathogens,
  title={Pathogens, social networks, and the paradox of transmission scaling},
  author={Ferrari, Matthew J and Perkins, Sarah E and Pomeroy, Laura W and Bj{\o}rnstad, Ottar N},
  journal={Interdisciplinary perspectives on infectious diseases},
  volume={2011},
  year={2011},
  publisher={Hindawi Publishing Corporation}
}

@article{karsai2014time,
  title={Time varying networks and the weakness of strong ties},
  author={Karsai, M{\'a}rton and Perra, Nicola and Vespignani, Alessandro},
  journal={Scientific Reports},
  volume={4},
  pages={4001},
  year={2014},
  publisher={Nature Publishing Group}
}

@article {Charlton160162,
	author = {Charlton, Nathaniel and Singleton, Colin and Greetham, Danica Vukadinovi{\'c}},
	title = {In the mood: the dynamics of collective sentiments on Twitter},
	volume = {3},
	number = {6},
	year = {2016},
	doi = {10.1098/rsos.160162},
	publisher = {The Royal Society},
	URL = {http://rsos.royalsocietypublishing.org/content/3/6/160162},
	eprint = {http://rsos.royalsocietypublishing.org/content/3/6/160162.full.pdf},
	journal = {Royal Society Open Science}
}

@article{doi:10.1080/03014460902960289,
author = {R.I.M. Dunbar},
title = {The social brain hypothesis and its implications for social evolution},
journal = {Annals of Human Biology},
volume = {36},
number = {5},
pages = {562-572},
year = {2009},
doi = {10.1080/03014460902960289},
URL = { 
        http://dx.doi.org/10.1080/03014460902960289
},
eprint = { 
        http://dx.doi.org/10.1080/03014460902960289   
}
}

@article {Davis20141004,
	author = {Davis, Stephen and Abbasi, Babak and Shah, Shrupa and Telfer, Sandra and Begon, Mike},
	title = {Spatial analyses of wildlife contact networks},
	volume = {12},
	number = {102},
	year = {2014},
	doi = {10.1098/rsif.2014.1004},
	publisher = {The Royal Society},
	issn = {1742-5689},
	URL = {http://rsif.royalsocietypublishing.org/content/12/102/20141004},
	eprint = {http://rsif.royalsocietypublishing.org/content/12/102/20141004.full.pdf},
	journal = {Journal of The Royal Society Interface}
}

@article {Mersch1090,
	author = {Mersch, Danielle P. and Crespi, Alessandro and Keller, Laurent},
	title = {Tracking Individuals Shows Spatial Fidelity Is a Key Regulator of Ant Social Organization},
	volume = {340},
	number = {6136},
	pages = {1090--1093},
	year = {2013},
	doi = {10.1126/science.1234316},
	publisher = {American Association for the Advancement of Science},
	issn = {0036-8075},
	URL = {http://science.sciencemag.org/content/340/6136/1090},
	eprint = {http://science.sciencemag.org/content/340/6136/1090.full.pdf},
	journal = {Science}
}

@article{arrhenius1921species,
  title={Species and area},
  author={Arrhenius, Olof},
  journal={Journal of Ecology},
  volume={9},
  number={1},
  pages={95--99},
  year={1921},
  publisher={JSTOR}
}


@article{10.1371/journal.pone.0022656,
    author = {Gonçalves, Bruno AND Perra, Nicola AND Vespignani, Alessandro},
    journal = {PLOS ONE},
    publisher = {Public Library of Science},
    title = {Modeling Users' Activity on Twitter Networks: Validation of Dunbar's Number},
    year = {2011},
    month = {08},
    volume = {6},
    url = {http://dx.doi.org/10.1371%2Fjournal.pone.0022656},
    pages = {1-5},
    number = {8},
    doi = {10.1371/journal.pone.0022656}
}

@article{doi:10.1093/oxfordjournals.aje.a112781,
author = {MOSER, MICHAEL R. and BENDER, THOMAS R. and MARGOLIS, HAROLD S. and NOBLE, GARY R. and KENDAL, ALAN P. and RITTER, DONALD G.},
title = {AN OUTBREAK OF INFLUENZA ABOARD A COMMERCIAL AIRLINER},
journal = {American Journal of Epidemiology},
volume = {110},
number = {1},
pages = {1},
year = {1979},
doi = {10.1093/oxfordjournals.aje.a112781},
URL = { + http://dx.doi.org/10.1093/oxfordjournals.aje.a112781},
eprint = {/oup/backfile/Content_public/Journal/aje/110/1/10.1093/oxfordjournals.aje.a112781/2/110-1-1.pdf}
}

@article {Volz2925,
	author = {Volz, Erik and Meyers, Lauren Ancel},
	title = {Susceptible{\textendash}infected{\textendash}recovered epidemics in dynamic contact networks},
	volume = {274},
	number = {1628},
	pages = {2925--2934},
	year = {2007},
	doi = {10.1098/rspb.2007.1159},
	publisher = {The Royal Society},
	issn = {0962-8452},
	URL = {http://rspb.royalsocietypublishing.org/content/274/1628/2925},
	eprint = {http://rspb.royalsocietypublishing.org/content/274/1628/2925.full.pdf},
	journal = {Proceedings of the Royal Society of London B: Biological Sciences}
}

@article{koopmans2004transmission,
  title={Transmission of H7N7 avian influenza A virus to human beings during a large outbreak in commercial poultry farms in the Netherlands},
  author={Koopmans, Marion and Wilbrink, Berry and Conyn, Marina and Natrop, Gerard and van der Nat, Hans and Vennema, Harry and Meijer, Adam and van Steenbergen, Jim and Fouchier, Ron and Osterhaus, Albert and others},
  journal={The Lancet},
  volume={363},
  number={9409},
  pages={587--593},
  year={2004},
  publisher={Elsevier}
}

@article{rothenberg1998using,
  title={Using social network and ethnographic tools to evaluate syphilis transmission},
  author={Rothenberg, Richard B and Sterk, Claire and Toomey, Kathleen E and Potterat, John J and Johnson, David and Schrader, Mark and Hatch, Stefani},
  journal={Sexually transmitted diseases},
  volume={25},
  number={3},
  pages={154--160},
  year={1998},
  publisher={LWW}
}

@article{10.1371/journal.pmed.1000316,
    author = {Holt-Lunstad, Julianne AND Smith, Timothy B. AND Layton, J. Bradley},
    journal = {PLOS Medicine},
    publisher = {Public Library of Science},
    title = {Social Relationships and Mortality Risk: A Meta-analytic Review},
    year = {2010},
    month = {07},
    volume = {7},
    url = {http://dx.doi.org/10.1371%2Fjournal.pmed.1000316},
    pages = {1-1},
    abstract = {In a meta-analysis, Julianne Holt-Lunstad and colleagues find that individuals' social relationships have as much influence on mortality risk as other well-established risk factors for mortality, such as smoking.},
    number = {7},
    doi = {10.1371/journal.pmed.1000316}
}

@article{doi:10.1093/infdis/jis773,
author = {Bischoff, Werner E. and Swett, Katrina and Leng, Iris and Peters, Timothy R.},
title = {Exposure to Influenza Virus Aerosols During Routine Patient Care},
journal = {The Journal of Infectious Diseases},
volume = {207},
number = {7},
pages = {1037},
year = {2013},
doi = {10.1093/infdis/jis773},
URL = { + http://dx.doi.org/10.1093/infdis/jis773},
eprint = {/oup/backfile/Content_public/Journal/jid/207/7/10.1093/infdis/jis773/2/jis773.pdf
}}

@article{MacCarron2016151,
title = "Calling Dunbar's numbers ",
journal = "Social Networks ",
volume = "47",
number = "",
pages = "151 - 155",
year = "2016",
note = "",
issn = "0378-8733",
doi = "http://dx.doi.org/10.1016/j.socnet.2016.06.003",
url = "//www.sciencedirect.com/science/article/pii/S0378873316301095",
author = "P. Mac Carron and K. Kaski and R. Dunbar",
keywords = "Social",
keywords = "Brain",
keywords = "Hypothesis",
keywords = "Communication",
keywords = "Ego",
keywords = "Networks "
}

@article{dunbar1998social,
  title={The social brain hypothesis},
  author={Dunbar, RI},
  journal={brain},
  volume={9},
  number={10},
  pages={178--190},
  year={1998}
}

@book{anderson1992infectious,
  title={Infectious diseases of humans: dynamics and control},
  author={Anderson, Roy M and May, Robert M and Anderson, B},
  volume={28},
  year={1992},
  publisher={Wiley Online Library}
}

@book{dunbar2014human,
  title={Human evolution: A Pelican introduction},
  author={Dunbar, Robin},
  year={2014},
  publisher={Penguin UK}
}

@article{castillo1989epidemiological,
  title={Epidemiological models with age structure, proportionate mixing, and cross-immunity},
  author={Castillo-Chavez, Carlos and Hethcote, Herbert W and Andreasen, Viggo and Levin, Simon A and Liu, Wei M},
  journal={Journal of mathematical biology},
  volume={27},
  number={3},
  pages={233--258},
  year={1989},
  publisher={Springer}
}

@article{anderson1990significance,
  title={The significance of sexual partner contact networks for the transmission dynamics of HIV.},
  author={Anderson, RM and Gupta, S and Ng, W},
  journal={JAIDS Journal of Acquired Immune Deficiency Syndromes},
  volume={3},
  number={4},
  pages={417--429},
  year={1990},
  publisher={LWW}
}

@article{DelValle2007539,
title = "Mixing patterns between age groups in social networks ",
journal = "Social Networks ",
volume = "29",
number = "4",
pages = "539 - 554",
year = "2007",
note = "",
issn = "0378-8733",
doi = "http://dx.doi.org/10.1016/j.socnet.2007.04.005",
url = "http://www.sciencedirect.com/science/article/pii/S0378873307000330",
author = "S.Y. Del Valle and J.M. Hyman and H.W. Hethcote and S.G. Eubank",
keywords = "Infectious diseases",
keywords = "Mathematical models",
keywords = "Network epidemiology",
keywords = "Contact patterns",
keywords = "EpiSimS",
keywords = "WAIFW matrix ",
}

@article {Carter20122573,
	author = {Carter, Gerald G. and Wilkinson, Gerald S.},
	title = {Food sharing in vampire bats: reciprocal help predicts donations more than relatedness or harassment},
	volume = {280},
	number = {1753},
	year = {2013},
	doi = {10.1098/rspb.2012.2573},
	publisher = {The Royal Society},
	issn = {0962-8452},
	URL = {http://rspb.royalsocietypublishing.org/content/280/1753/20122573},
	eprint = {http://rspb.royalsocietypublishing.org/content/280/1753/20122573.full.pdf},
	journal = {Proceedings of the Royal Society of London B: Biological Sciences}
}

@misc{dryad_tg7b1,
  title = {Data from: Food sharing in vampire bats: reciprocal help predicts donations more than relatedness or harassment},
  author = {Carter, GG and Wilkinson, GS},
  year = {2013},
  journal = {Proceedings of the Royal Society B},
  URL = {http://dx.doi.org/10.5061/dryad.tg7b1},
  doi = {doi:10.5061/dryad.tg7b1},
  publisher = {Dryad Digital Repository}
}

%Howler monkeys Alouatta palliata (proximity) 
@article{sailer1984proximity,
  title={Proximity, sociality, and observation: the definition of social groups},
  author={Sailer, Lee Douglas and Gaulin, Steven JC},
  journal={American Anthropologist},
  volume={86},
  number={1},
  pages={91--98},
  year={1984},
  publisher={Wiley Online Library}
}

%Kangaroo Macropus giganteus (proximity)
@article{Grant1973449,
title = "Dominance and association among members of a captive and a free-ranging group of grey kangaroos (Macropus giganteus) ",
journal = "Animal Behaviour ",
volume = "21",
number = "3",
pages = "449 - 456",
year = "1973",
note = "",
issn = "0003-3472",
doi = "https://doi.org/10.1016/S0003-3472(73)80004-1",
url = "http://www.sciencedirect.com/science/article/pii/S0003347273800041",
author = "T.R. Grant"
}

%Female bighorn Sheep Ovis canadensis (dominance)
@article{hass1991social,
  title={Social status in female bighorn sheep (Ovis canadensis): expression, development and reproductive correlates},
  author={Hass, Christine C},
  journal={Journal of Zoology},
  volume={225},
  number={3},
  pages={509--523},
  year={1991},
  publisher={Wiley Online Library}
}

%Bison Bison bison (dominance)
@article{lott1979dominance,
  title={Dominance relations and breeding rate in mature male American bison},
  author={Lott, Dale F},
  journal={Ethology},
  volume={49},
  number={4},
  pages={418--432},
  year={1979},
  publisher={Wiley Online Library}
}

%Sade Macaques Macaca mulatta (grooming)
@article{sade1972sociometrics,
  title={Sociometrics of Macaca mulatta I. Linkages and cliques in grooming matrices},
  author={Sade, DS},
  journal={Folia primatologica},
  volume={18},
  number={3-4},
  pages={196--223},
  year={1972},
  publisher={Karger Publishers}
}

%Cattle (search for latin name) (dominance)
@article{SCHEIN195545,
title = "Social dominance relationships in a herd of dairy cattle",
journal = "The British Journal of Animal Behaviour",
volume = "3",
number = "2",
pages = "45 - 55",
year = "1955",
note = "",
issn = "0950-5601",
doi = "http://dx.doi.org/10.1016/S0950-5601(55)80012-3",
url = "http://www.sciencedirect.com/science/article/pii/S0950560155800123",
author = "Martin W. Schein and Milton H. Fohrman",
}

%Macaques Macaca fuscata fuscata (dominance)
@article{takahata1991diachronic,
  title={Diachronic changes in the dominance relations of adult female Japanese monkeys of the Arashiyama B group},
  author={Takahata, Yukio},
  journal={The monkeys of Arashiyama. State University of New York Press, Albany},
  pages={123--139},
  year={1991}
}

%Macaques Macaca mulatta (grooming)
@article{massen2013stability,
  title={Stability and durability of intra-and intersex social bonds of captive rhesus macaques (Macaca mulatta)},
  author={Massen, Jorg JM and Sterck, Elisabeth HM},
  journal={International Journal of Primatology},
  volume={34},
  number={4},
  pages={770--791},
  year={2013},
  publisher={Springer}
}

%Parakeets Myiopsitta monachus (dominance)
@article{hobson2015social,
  title={Social feedback and the emergence of rank in animal society},
  author={Hobson, Elizabeth A and DeDeo, Simon},
  journal={PLoS Comput Biol},
  volume={11},
  number={9},
  pages={e1004411},
  year={2015},
  publisher={Public Library of Science}
}

%Barn swallow (Hirundo rustica erythrogaster) (proximity)
@article{levin2016stress,
  title={Stress response, gut microbial diversity and sexual signals correlate with social interactions},
  author={Levin, Iris I and Zonana, David M and Fosdick, Bailey K and Song, Se Jin and Knight, Rob and Safran, Rebecca J},
  journal={Biology Letters},
  volume={12},
  number={6},
  pages={20160352},
  year={2016},
  publisher={The Royal Society}
}

%Mouse Mastomys natalensis (proximity)
@article{borremans2016nonlinear,
  title={Nonlinear scaling of foraging contacts with rodent population density},
  author={Borremans, Benny and Reijniers, Jonas and Hughes, Nelika K and Godfrey, Stephanie S and Gryseels, Sophie and 	Makundi, Rhodes H and Leirs, Herwig},
  journal={Oikos},
  year={2016},
  publisher={Wiley Online Library}
}


%High school
@article{10.1371/journal.pone.0136497,
    author = {Mastrandrea, Rossana AND Fournet, Julie AND Barrat, Alain},
    journal = {PLOS ONE},
    publisher = {Public Library of Science},
    title = {Contact Patterns in a High School: A Comparison between Data Collected Using Wearable Sensors, Contact Diaries and Friendship Surveys},
    year = {2015},
    month = {09},
    volume = {10},
    url = {https://doi.org/10.1371/journal.pone.0136497},
    pages = {1-26},
    number = {9},
    doi = {10.1371/journal.pone.0136497}
}

%Stumptailed macaques Macaca arctoides (grooming)
@article{butovskaya1994structure,
  title={The structure of affiliative relations in a primate community: allogrooming in stumptailed macaques (Macaca arctoides)},
  author={Butovskaya, ML and Kozintsev, AG and Kozintsev, BA},
  journal={Human evolution},
  volume={9},
  number={1},
  pages={11--23},
  year={1994},
  publisher={Springer}
}

@article{colwell2004interpolating,
  title={Interpolating, extrapolating, and comparing incidence-based species accumulation curves},
  author={Colwell, Robert K and Mao, Chang Xuan and Chang, Jing},
  journal={Ecology},
  volume={85},
  number={10},
  pages={2717--2727},
  year={2004},
  publisher={Wiley Online Library}
}

@article{burnham1978estimation,
  title={Estimation of the size of a closed population when capture probabilities vary among animals},
  author={Burnham, Kenneth P and Overton, Walter Scott},
  journal={Biometrika},
  pages={625--633},
  year={1978},
  publisher={JSTOR}
}

@article{hurlbert1971nonconcept,
  title={The nonconcept of species diversity: a critique and alternative parameters},
  author={Hurlbert, Stuart H},
  journal={Ecology},
  volume={52},
  number={4},
  pages={577--586},
  year={1971},
  publisher={Wiley Online Library}
}

@article{freeland1976pathogens,
  title={Pathogens and the evolution of primate sociality},
  author={Freeland, WJ},
  journal={Biotropica},
  volume={8},
  number={1},
  pages={12--24},
  year={1976},
  publisher={JSTOR}
}

@article{altizer2003social,
  title={Social organization and parasite risk in mammals: integrating theory and empirical studies},
  author={Altizer, Sonia and Nunn, Charles L and Thrall, Peter H and Gittleman, John L and Antonovics, Janis and Cunningham, Andrew A and Dobson, Andrew P and Ezenwa, Vanessa and Jones, Kate E and Pedersen, Amy B and others},
  journal={Annual Review of Ecology, Evolution, and Systematics},
  volume={34},
  number={1},
  pages={517--547},
  year={2003},
  publisher={Annual Reviews 4139 El Camino Way, PO Box 10139, Palo Alto, CA 94303-0139, USA}
}

@article{silk2007adaptive,
  title={The adaptive value of sociality in mammalian groups},
  author={Silk, Joan B},
  journal={Philosophical Transactions of the Royal Society B: Biological Sciences},
  volume={362},
  number={1480},
  pages={539--559},
  year={2007},
  publisher={The Royal Society}
}

@article{Smith12052009,
author = {Smith, Matthew J. and Telfer, Sandra and Kallio, Eva R. and Burthe, Sarah and Cook, Alex R. and Lambin, Xavier and Begon, Michael}, 
title = {Hostpathogen time series data in wildlife support a transmission function between density and frequency dependence},
volume = {106}, 
number = {19}, 
pages = {7905-7909}, 
year = {2009}, 
doi = {10.1073/pnas.0809145106}, 
URL = {http://www.pnas.org/content/106/19/7905.abstract}, 
eprint = {http://www.pnas.org/content/106/19/7905.full.pdf}, 
journal = {Proceedings of the National Academy of Sciences} 
}

@article {ECY:ECY20139492076,
author = {Cross, P. C. and Creech, T. G. and Ebinger, M. R. and Manlove, K. and Irvine, K. and Henningsen, J. and Rogerson, J. and Scurlock, B. M. and Creel, S.},
title = {Female elk contacts are neither frequency nor density dependent},
journal = {Ecology},
volume = {94},
number = {9},
publisher = {Ecological Society of America},
issn = {1939-9170},
url = {http://dx.doi.org/10.1890/12-2086.1},
doi = {10.1890/12-2086.1},
pages = {2076--2086},
keywords = {brucellosis, Cervus canadensis, contact rate, disease models, elk, Greater Yellowstone Ecosystem, Wyoming, USA, hierarchical models, proximity loggers, super-spreading events, supplemental feeding},
year = {2013},
}

@article{LEHMANN20071617,
title = "Group size, grooming and social cohesion in primates",
journal = "Animal Behaviour",
volume = "74",
number = "6",
pages = "1617 - 1629",
year = "2007",
note = "",
issn = "0003-3472",
doi = "http://dx.doi.org/10.1016/j.anbehav.2006.10.025",
url = "http://www.sciencedirect.com/science/article/pii/S0003347207002345",
author = "J. Lehmann and A.H. Korstjens and R.I.M. Dunbar",
keywords = "cognition",
keywords = "ecological constraints",
keywords = "grooming",
keywords = "group size",
keywords = "primates",
keywords = "social cohesion"
}

@article{SUEUR2011156,
title = "Group size, grooming and fission in primates: A modeling approach based on group structure",
journal = "Journal of Theoretical Biology",
volume = "273",
number = "1",
pages = "156 - 166",
year = "2011",
note = "",
issn = "0022-5193",
doi = "http://dx.doi.org/10.1016/j.jtbi.2010.12.035",
url = "http://www.sciencedirect.com/science/article/pii/S0022519310006909",
author = "Cédric Sueur and Jean-Louis Deneubourg and Odile Petit and Iain D. Couzin",
keywords = "Social network",
keywords = "Cohesion",
keywords = "Time allocation",
keywords = "Population structure",
keywords = "ODD protocol"
}

@book{krause2002living,
  title={Living in groups},
  author={Krause, Jens and Ruxton, Graeme D},
  year={2002},
  publisher={Oxford University Press}
}

@article{10.1371/journal.pone.0173110,
    author = {Centellegher, Simone AND López, Eduardo AND Saramäki, Jari AND Lepri, Bruno},
    journal = {PLOS ONE},
    publisher = {Public Library of Science},
    title = {Personality traits and ego-network dynamics},
    year = {2017},
    month = {03},
    volume = {12},
    url = {https://doi.org/10.1371/journal.pone.0173110},
    pages = {1-17},
    number = {3},
    doi = {10.1371/journal.pone.0173110}
}

@article{miritello2013limited,
  title={Limited communication capacity unveils strategies for human interaction},
  author={Miritello, Giovanna and Lara, Rub{\'e}n and Cebrian, Manuel and Moro, Esteban},
  journal={Scientific reports},
  volume={3},
  year={2013},
  publisher={Nature Publishing Group}
}

@article{10.1371/journal.pone.0020298,
    author = {Blonder, Benjamin AND Dornhaus, Anna},
    journal = {PLOS ONE},
    publisher = {Public Library of Science},
    title = {Time-Ordered Networks Reveal Limitations to Information Flow in Ant Colonies},
    year = {2011},
    month = {05},
    volume = {6},
    url = {https://doi.org/10.1371/journal.pone.0020298},
    pages = {1-8},
    number = {5},
    doi = {10.1371/journal.pone.0020298}
}

@article{rifkin2012animals,
  title={Do animals living in larger groups experience greater parasitism? A meta-analysis},
  author={Rifkin, Joanna L and Nunn, Charles L and Garamszegi, L{\'a}szl{\'o} Z},
  journal={The American Naturalist},
  volume={180},
  number={1},
  pages={70--82},
  year={2012},
  publisher={University of Chicago Press Chicago, IL}
}

@article{patterson2013parasite,
  title={Parasite infection and host group size: a meta-analytical review},
  author={Patterson, Jesse EH and Ruckstuhl, Kathreen E},
  journal={Parasitology},
  volume={140},
  number={7},
  pages={803--813},
  year={2013},
  publisher={Cambridge University Press}
}

@article{HOCK201234,
title = "Social organization patterns can lower disease risk without associated disease avoidance or immunity",
journal = "Ecological Complexity",
volume = "12",
number = "",
pages = "34 - 42",
year = "2012",
note = "",
issn = "1476-945X",
doi = "http://dx.doi.org/10.1016/j.ecocom.2012.09.003",
url = "http://www.sciencedirect.com/science/article/pii/S1476945X12000694",
author = "Karlo Hock and Nina H. Fefferman",
keywords = "Social network",
keywords = "Social dynamics",
keywords = "Disease transmission",
keywords = "Epidemiological model",
keywords = "Hostpathogen interaction",
keywords = "Dynamic network"
}

@article {Nunn20140111,
	author = {Nunn, Charles L. and Jord{\'a}n, Ferenc and McCabe, Collin M. and Verdolin, Jennifer L. and Fewell, Jennifer H.},
	title = {Infectious disease and group size: more than just a numbers game},
	volume = {370},
	number = {1669},
	year = {2015},
	doi = {10.1098/rstb.2014.0111},
	publisher = {The Royal Society},
	issn = {0962-8436},
	URL = {http://rstb.royalsocietypublishing.org/content/370/1669/20140111},
	eprint = {http://rstb.royalsocietypublishing.org/content/370/1669/20140111.full.pdf},
	journal = {Philosophical Transactions of the Royal Society of London B: Biological Sciences}
}

@article {Craft20140107,
	author = {Craft, Meggan E.},
	title = {Infectious disease transmission and contact networks in wildlife and livestock},
	volume = {370},
	number = {1669},
	year = {2015},
	doi = {10.1098/rstb.2014.0107},
	publisher = {The Royal Society},
	issn = {0962-8436},
	URL = {http://rstb.royalsocietypublishing.org/content/370/1669/20140107},
	eprint = {http://rstb.royalsocietypublishing.org/content/370/1669/20140107.full.pdf},
	journal = {Philosophical Transactions of the Royal Society of London B: Biological Sciences}
}

@article{dunbar2010bondedness,
  title={Bondedness and sociality},
  author={Dunbar, Robin IM and Shultz, Susanne},
  journal={Behaviour},
  volume={147},
  number={7},
  pages={775--803},
  year={2010},
  publisher={Brill}
}

@misc{kappeler2013constraints,
  title={Constraints and flexibility in mammalian social behaviour: introduction and synthesis},
  author={Kappeler, Peter M and Barrett, Louise and Blumstein, Daniel T and Clutton-Brock, Tim H},
  year={2013},
  publisher={The Royal Society}
}

@article{sah2017disease,
  title={Disease implications of animal social organization and network structure-a quantitative analysis},
  author={Sah, Pratha and M{\'e}ndez, Jos{\'e} David and Mann, Janet and Bansal, Shweta},
  journal={bioRxiv},
  pages={106633},
  year={2017},
  publisher={Cold Spring Harbor Labs Journals}
}

@article{doi:10.1093/beheco/art047,
author = {Pinter-Wollman, Noa and Hobson, Elizabeth A. and Smith, Jennifer E. and Edelman, Andrew J. and Shizuka, Daizaburo and de Silva, Shermin and Waters, James S. and Prager, Steven D. and Sasaki, Takao and Wittemyer, George and Fewell, Jennifer and McDonald, David B.},
title = {The dynamics of animal social networks: analytical, conceptual, and theoretical advances},
journal = {Behavioral Ecology},
volume = {25},
number = {2},
pages = {242-255},
year = {2014},
doi = {10.1093/beheco/art047},
URL = { + http://dx.doi.org/10.1093/beheco/art047},
eprint = {/oup/backfile/content_public/journal/beheco/25/2/10.1093/beheco/art047/2/art047.pdf}
}

@article{perreault2010note,
  title={A note on reconstructing animal social networks from independent small-group observations},
  author={Perreault, Charles},
  journal={Animal Behaviour},
  volume={80},
  number={3},
  pages={551--562},
  year={2010},
  publisher={Elsevier}
}

@article{perra2012activity,
  title={Activity driven modeling of time varying networks},
  author={Perra, Nicola and Gon{\c{c}}alves, Bruno and Pastor-Satorras, Romualdo and Vespignani, Alessandro},
  journal={Scientific reports},
  volume={2},
  year={2012},
  publisher={Nature Publishing Group}
}

%sharks
@article{mourier2017learning,
  title={Learning and robustness to catch-and-release fishing in a shark social network},
  author={Mourier, Johann and Brown, Culum and Planes, Serge},
  journal={Biology Letters},
  volume={13},
  number={3},
  pages={20160824},
  year={2017},
  publisher={The Royal Society}
}

@article{10.1371/journal.pone.0040612,
    author = {Karsai, Márton AND Kaski, Kimmo AND Kertész, János},
    journal = {PLOS ONE},
    publisher = {Public Library of Science},
    title = {Correlated Dynamics in Egocentric Communication Networks},
    year = {2012},
    month = {07},
    volume = {7},
    url = {https://doi.org/10.1371/journal.pone.0040612},
    pages = {1-9},
    number = {7},
    doi = {10.1371/journal.pone.0040612}
}

@article{vestergaard2014memory,
  title={How memory generates heterogeneous dynamics in temporal networks},
  author={Vestergaard, Christian L and G{\'e}nois, Mathieu and Barrat, Alain},
  journal={Physical Review E},
  volume={90},
  number={4},
  pages={042805},
  year={2014},
  publisher={APS}
}

@article{1367-2630-14-1-013055,
  author={Hang-Hyun Jo and Márton Karsai and János Kertész and Kimmo Kaski},
  title={Circadian pattern and burstiness in mobile phone communication},
  journal={New Journal of Physics},
  volume={14},
  number={1},
  pages={013055},
  url={http://stacks.iop.org/1367-2630/14/i=1/a=013055},
  year={2012},
}

@book{krause2015animal,
  title={Animal social networks},
  author={Krause, Jens and James, Richard and Franks, Daniel W and Croft, Darren P},
  year={2015},
  publisher={Oxford University Press, USA}
}

@article{karsai2011small,
  title={Small but slow world: How network topology and burstiness slow down spreading},
  author={Karsai, M and Kivel{\"a}, M and Pan, RK and Kaski, K and Kert{\'e}sz, J and Barab{\'a}si, A-L and Saram{\"a}ki, J},
  journal={Physical Review E},
  volume={83},
  number={2},
  pages={025102},
  year={2011},
  publisher={APS}
}

@article{10.2307/2800384,
 ISSN = {00251496},
 URL = {http://www.jstor.org/stable/2800384},
 author = {R. A. Hinde},
 journal = {Man},
 number = {1},
 pages = {1-17},
 publisher = {[Wiley, Royal Anthropological Institute of Great Britain and Ireland]},
 title = {Interactions, Relationships and Social Structure},
 volume = {11},
 year = {1976}
}

@article{bioglio2016recalibrating,
  title={Recalibrating disease parameters for increasing realism in modeling epidemics in closed settings},
  author={Bioglio, Livio and G{\'e}nois, Mathieu and Vestergaard, Christian L and Poletto, Chiara and Barrat, Alain and Colizza, Vittoria},
  journal={BMC infectious diseases},
  volume={16},
  number={1},
  pages={676},
  year={2016},
  publisher={BioMed Central}
}

@article{WEY2008333,
title = "Social network analysis of animal behaviour: a promising tool for the study of sociality",
journal = "Animal Behaviour",
volume = "75",
number = "2",
pages = "333 - 344",
year = "2008",
note = "",
issn = "0003-3472",
doi = "http://dx.doi.org/10.1016/j.anbehav.2007.06.020",
url = "http://www.sciencedirect.com/science/article/pii/S0003347207004393",
author = "Tina Wey and Daniel T. Blumstein and Weiwei Shen and Ferenc Jordán",
keywords = "animal behaviour",
keywords = "quantifying sociality",
keywords = "social network analysis",
keywords = "social structure"
}

@article {Sah106633,
	author = {Sah, Pratha and M{\'e}ndez, Jos{\'e} David and Mann, Janet and Bansal, Shweta},
	title = {Disease implications of animal social organization and network structure - a quantitative analysis},
	year = {2017},
	doi = {10.1101/106633},
	publisher = {Cold Spring Harbor Laboratory},
	URL = {http://www.biorxiv.org/content/early/2017/05/12/106633},
	eprint = {http://www.biorxiv.org/content/early/2017/05/12/106633.full.pdf},
	journal = {bioRxiv}
}

@article{10.2307/4535790,
 ISSN = {00057959},
 URL = {http://www.jstor.org/stable/4535790},
 author = {Mario S. Di Bitetti},
 journal = {Behaviour},
 number = {11},
 pages = {1517-1540},
 publisher = {Brill},
 title = {The Distribution of Grooming among Female Primates: Testing Hypotheses with the Shannon-Wiener Diversity Index},
 volume = {137},
 year = {2000}
}

@article{Peixoto2017,
 author = {Peixoto, Tiago P. and Rosvall, Martin},
 title= {Modelling sequences and temporal networks with dynamic community structures},
 journal = {Nature Communications},
 volume = {8},
 year = {2017},
 pages = {582},
 issue = {1},
 url = {https://doi.org/10.1038/s41467-017-00148-9},
 doi = {10.1038/s41467-017-00148-9}
} 

@book{holldobler2009superorganism,
  title={The superorganism: the beauty, elegance, and strangeness of insect societies},
  author={H{\"o}lldobler, Bert and Wilson, Edward O},
  year={2009},
  publisher={WW Norton \& Company}
}

@article{parker1974assessment,
  title={Assessment strategy and the evolution of fighting behaviour},
  author={Parker, Geoffrey A},
  journal={Journal of theoretical Biology},
  volume={47},
  number={1},
  pages={223--243},
  year={1974},
  publisher={Elsevier}
}

@article{seyfarth1984grooming,
  title={Grooming, alliances and reciprocal altruism in vervet monkeys},
  author={Seyfarth, Robert M and Cheney, Dorothy L},
  journal={Nature},
  volume={308},
  number={5959},
  pages={541--543},
  year={1984},
  publisher={Springer}
}

@article{varin2011overview,
  title={An overview of composite likelihood methods},
  author={Varin, Cristiano and Reid, Nancy and Firth, David},
  journal={Statistica Sinica},
  pages={5--42},
  year={2011},
  publisher={JSTOR}
}

@Article{Holme2015,
author="Holme, Petter",
title="Modern temporal network theory: a colloquium",
journal="The European Physical Journal B",
year="2015",
month="Sep",
day="21",
volume="88",
number="9",
pages="234",
issn="1434-6036",
doi="10.1140/epjb/e2015-60657-4",
url="https://doi.org/10.1140/epjb/e2015-60657-4"
}

@article{doi:10.1093/biosci/biw175,
author = {Silk, Matthew J. and Croft, Darren P. and Delahay, Richard J. and Hodgson, David J. and Boots, Mike and Weber, Nicola and McDonald, Robbie A.},
title = {Using Social Network Measures in Wildlife Disease Ecology, Epidemiology, and Management},
journal = {BioScience},
volume = {67},
number = {3},
pages = {245-257},
year = {2017},
doi = {10.1093/biosci/biw175},
URL = { + http://dx.doi.org/10.1093/biosci/biw175},
eprint = {/oup/backfile/content_public/journal/bioscience/67/3/10.1093_biosci_biw175/2/biw175.pdf}
}

@article{SILK20151,
title = "The consequences of unidentifiable individuals for the analysis of an animal social network",
journal = "Animal Behaviour",
volume = "104",
number = "Supplement C",
pages = "1 - 11",
year = "2015",
issn = "0003-3472",
doi = "https://doi.org/10.1016/j.anbehav.2015.03.005",
url = "http://www.sciencedirect.com/science/article/pii/S0003347215001025",
author = "Matthew J. Silk and Andrew L. Jackson and Darren P. Croft and Kendrew Colhoun and Stuart Bearhop",
keywords = "accuracy",
keywords = "bias",
keywords = "fissionfusion dynamics",
keywords = "network metric",
keywords = "partial network",
keywords = "precision",
keywords = "social strategy",
keywords = "social structure"
}

@article {Millerrsif.2008.0524,
	author = {Miller, Joel C},
	title = {Spread of infectious disease through clustered populations},
	year = {2009},
	doi = {10.1098/rsif.2008.0524},
	publisher = {The Royal Society},
	issn = {1742-5689},
	URL = {http://rsif.royalsocietypublishing.org/content/early/2009/02/27/rsif.2008.0524},
	eprint = {http://rsif.royalsocietypublishing.org/content/early/2009/02/27/rsif.2008.0524.full.pdf},
	journal = {Journal of The Royal Society Interface}
}

@article{10.1371/journal.pcbi.1004152,
    author = {Valdano, Eugenio AND Poletto, Chiara AND Giovannini, Armando AND Palma, Diana AND Savini, Lara AND Colizza, Vittoria},
    journal = {PLOS Computational Biology},
    publisher = {Public Library of Science},
    title = {Predicting Epidemic Risk from Past Temporal Contact Data},
    year = {2015},
    month = {03},
    volume = {11},
    url = {https://doi.org/10.1371/journal.pcbi.1004152},
    pages = {1-19},
    number = {3},
    doi = {10.1371/journal.pcbi.1004152}
}

@incollection{masuda2017introduction,
  title={Introduction to Temporal Network Epidemiology},
  author={Masuda, Naoki and Holme, Petter},
  booktitle={Temporal Network Epidemiology},
  pages={1--16},
  year={2017},
  publisher={Springer}
}
